@misc{2017ExpediaResults,
    title = {{Expedia, Inc. Reports Fourth Quarter and Full Year 2016 Results}},
    year = {2017},
    url = {http://files.shareholder.com/downloads/EXPE/3880984722x0x927398/D6FADF0D-8265-4833-9C34-8BF23AFA21E6/Q4_2016_Earnings_Release.pdf}
}

@misc{ExpediaHttps://www.kaggle.com/c/expedia-hotel-recommendations,
    title = {{Expedia 2016 Kaggle competition. https://www.kaggle.com/c/expedia-hotel-recommendations}},
    url = {https://www.kaggle.com/c/expedia-hotel-recommendations}
}

@misc{ExpediaHttps://www.kaggle.com/c/expedia-personalized-sort,
    title = {{Expedia 2013 Kaggle competition. https://www.kaggle.com/c/expedia-personalized-sort}},
    url = {https://www.kaggle.com/c/expedia-personalized-sort}
}

@misc{ExpediaHttps://www.kaggle.com/c/expedia-personalized-sort/discussion/6203,
    title = {{Expedia 2013 Kaggle competition winners slides - https://www.kaggle.com/c/expedia-personalized-sort/discussion/6203}},
    url = {https://www.kaggle.com/c/expedia-personalized-sort/discussion/6203}
}

@article{Liu2007LearningRetrieval,
    title = {{Learning to Rank for Information Retrieval}},
    year = {2007},
    journal = {Foundations and Trends{\textregistered} in Information Retrieval},
    author = {Liu, Tie-Yan},
    number = {3},
    pages = {225--331},
    volume = {3},
    publisher = {Now Publishers, Inc.},
    url = {http://www.nowpublishers.com/article/Details/INR-016},
    doi = {10.1561/1500000016},
    issn = {1554-0669},
    keywords = {Information Retrieval, Machine Learning, Metasearch, rank aggregation and data fusion, Statistical learning theory}
}

@article{AgarwalLearnQueries,
    title = {{Learn to Rank ICDM 2013 Challenge Ranking Hotel Search Queries}},
    author = {Agarwal, Saurabh and Styles, Luke and Verma, Saurabh},
    url = {http://www-users.cs.umn.edu/~verma/letor.pdf}
}

@article{Cao2007LearningApproach,
    title = {{Learning to Rank: From Pairwise Approach to Listwise Approach}},
    year = {2007},
    author = {Cao, Zhe and Qin, Tao and Liu, Tie-Yan and Tsai, Ming-Feng and Li, Hang},
    url = {http://www.machinelearning.org/proceedings/icml2007/papers/139.pdf}
}

@article{Pedregosa2011Scikit-learn:Python,
    title = {{Scikit-learn: Machine Learning in Python}},
    year = {2011},
    journal = {Journal of Machine Learning Research},
    author = {Pedregosa, Fabian and Varoquaux, Gaël and Gramfort, Alexandre and Michel, Vincent and Thirion, Bertrand and Grisel, Olivier and Blondel, Mathieu and Prettenhofer, Peter and Weiss, Ron and Dubourg, Vincent and Vanderplas, Jake and Passos, Alexandre and Cournapeau, David and Brucher, Matthieu and Perrot, Matthieu and Duchesnay, Édouard},
    number = {Oct},
    pages = {2825--2830},
    volume = {12},
    url = {http://jmlr.csail.mit.edu/papers/v12/pedregosa11a.html},
    issn = {ISSN 1533-7928}
}

@article{McKinney2015PandasToolkit,
    title = {{Pandas - Powerful Python Data Analysis Toolkit}},
    year = {2015},
    journal = {Pandas - Powerful Python Data Analysis Toolkit},
    author = {McKinney, Wes and Team, PyData Development},
    keywords = {Analysis, Data, Pandas, Powerful, Python, Toolkit}
}